@article{Bland1999,
   author = {Bland, J. M. and Altman, D. G.},
   title = {Measuring agreement in method comparison studies},
   journal = {Statistical Methods in Medical Research},
   volume = {8},
   number = {2},
   pages = {135-60},
   doi = {10.1191/096228099673819272},
   year = {1999}
}

@article{Kuritzkes,
   author = {Kuritzkes, D. R. and Marschner, I. and Johnson, V. A. and Bassett, R. and Eron, J. J. and Fischl, M. A. and Murphy, R. L. and Fife, K. and Maenza, J. and Rosandich, M. E. and Bell, D. and Wood, K. and Sommadossi, J. P. and Pettinelli, C.},
   title = {Lamivudine in combination with zidovudine, stavudine, or didanosine in patients with HIV-1 infection. A randomized, double-blind, placebo-controlled trial. National Institute of Allergy and Infectious Disease AIDS Clinical Trials Group Protocol 306 Investigators},
   journal = {AIDS},
   volume = {13},
   number = {6},
   pages = {685-94},
   doi = {10.1097/00002030-199904160-00009},
   year = {1999}
}

@article{Marschner2013,
   author = {Marschner, Ian C},
   title = {Combinatorial EM algorithms},
   journal = {Statistics and Computing},
   volume = {24},
   number = {6},
   pages = {921-940},
   doi = {10.1007/s11222-013-9411-7},
   year = {2014}
}

@article{Wade1994,
   author = {Wade, A. M. and Ades, A. E.},
   title = {Age-related reference ranges: significance tests for models and confidence intervals for centiles},
   journal = {Statistics in Medicine},
   volume = {13},
   number = {22},
   pages = {2359-67},
   doi = {10.1002/sim.4780132207},
   year = {1994}
}

@article{Davidian1987,
   author = {Davidian, M. and Carroll, R. J.},
   title = {Variance function estimation},
   journal = {Journal of the American Statistical Association},
   volume = {82},
   number = {400},
   pages = {1079-1091},
   doi = {10.1080/01621459.1987.10478543},
   year = {1987}
}

@article{Aitkin1987,
   author = {Aitkin, Murray},
   title = {Modelling variance heterogeneity in normal regression using GLIM},
   journal = {Journal of the Royal Statistical Society. Series C (Applied Statistics)},
   volume = {36},
   number = {3},
   pages = {332-339},
   doi = {10.2307/2347792},
   year = {1987}
}

@article{Smyth2002,
   author = {Smyth, Gordon K.},
   title = {An efficient algorithm for REML in heteroscedastic regression},
   journal = {Journal of Computational and Graphical Statistics},
   volume = {11},
   number = {4},
   pages = {836-847},
   doi = {10.1198/106186002871},
   year = {2002}
}

@article{Verbyla1993,
   author = {Verbyla, A. P.},
   title = {Modelling variance heterogeneity: residual maximum likelihood and diagnostics},
   journal = {Journal of the Royal Statistical Society. Series B (Methodological)},
   volume = {55},
   number = {2},
   pages = {493-508},
   year = {1993}
}

@article{Crisp1994,
   author = {Crisp, Adam and Burridge, Jim},
   title = {A note on nonregular likelihood functions in heteroscedastic regression models},
   journal = {Biometrika},
   volume = {81},
   number = {3},
   pages = {585-587},
   doi = {10.1093/biomet/81.3.585}, 
   year = {1994}
}

@article{cole1992,
   author = {Cole, T. J. and Green, P. J.},
   title = {Smoothing reference centile curves - the lms method and penalized likelihood},
   journal = {Statistics in Medicine},
   volume = {11},
   number = {10},
   pages = {1305-1319},
   doi = {10.1002/sim.4780111005}, 
   year = {1992}
}

@article{rigby1996,
   author = {Rigby, R. A. and Stasinopoulos, D. M.},
   title = {A semi-parametric additive model for variance heterogeneity},
   journal = {Statistics and Computing},
   volume = {6},
   number = {1},
   pages = {57-65},
   doi = {10.1007/BF00161574}, 
   year = {1996}
}

@book{Hastie1990,
   author = {Hastie, Trevor and Tibshirani, Robert},
   title = {Generalized Additive Models},
   publisher = {Chapman and Hall},
   address = {London},
   edition = {1st edition},
   series = {Monographs on statistics and applied probability}, 
   year = {1990}
}


@book{Lange2013,
   author = {Lange, Kenneth},
   title = {Optimization},
   publisher = {Springer},
   ISBN = {9781461458388 (electronic bk.)
1461458382 (electronic bk.)},
   year = {2013}
}



@article{Darbela1986,
   author = {Darbela, P. G. and Silayan, Z. M. and Bland, J. M.},
   title = {Comparability of M-Mode Echocardiographic Long Axis and Short Axis Left-Ventricular Function Derivatives},
   journal = {British Heart Journal},
   volume = {56},
   number = {5},
   pages = {445-449},
   doi = {10.1136/hrt.56.5.445}, 
   year = {1986}
}


@article{Stasinopoulos2007, 
   author = {Stasinopoulos, D. M. and Rigby, R. A.},
   title = {Generalized additive models for location scale and shape (GAMLSS) in R},
   journal = {Journal of Statistical Software},
   volume = {23},
   number = {7},
   doi = {10.18637/jss.v023.i07}, 
   year = {2007}
}

@article{Rigby2005,
   author = {Rigby, R. A. and Stasinopoulos, D. M.},
   title = {Generalized additive models for location, scale and shape},
   journal = {Journal of the Royal Statistical Society. Series C (Applied Statistics)},
   volume = {54},
   pages = {507-544},
   doi = {10.1111/j.1467-9876.2005.00510.x}, 
   year = {2005}
}

@article{box1964,
   author = {Box, G. E. P. and Cox, D. R.},
   title = {An Analysis of Transformations},
   journal = {Journal of the Royal Statistical Society. Series B (Methodological)},
   volume = {26},
   number = {2},
   pages = {211-252},
   year = {1964}
}

@article{Altman1986,
   author = {Bland, J. M. and Altman, D. G.},
   title = {Statistical methods for assessing agreement between two methods of clinical measurement},
   journal = {Lancet},
   volume = {327},
   number = {8476},
   pages = {307-310},
   doi = {10.1016/S0140-6736(86)90837-8}, 
   year = {1986}
}

@book{Ruppert2003,
   author = {Ruppert, David and Wand, M. P. and Carroll, R. J.},
   title = {Semiparametric Regression},
   publisher = {Cambridge University Press},
   series = {Cambridge series in statistical and probabilistic mathematics},
   address = {New York},
   year = {2003}
}

@article{Holst1996,
   author = {Holst, U. and Hossjer, O. and Bjorklund, C. and Ragnarson, P. and Edner, H.},
   title = {Locally weighted least squares kernel regression and statistical evaluation of LIDAR measurements},
   journal = {Environmetrics},
   volume = {7},
   number = {4},
   pages = {401-416},
   doi = {10.1002/(SICI)1099-095X(199607)7:4%3C401::AID-ENV221%3E3.0.CO;2-D}, 
   year = {1996}
}

@book{Deboor1978,
   author = {De Boor, Carl},
   title = {A Practical Guide to Splines},
   publisher = {Springer-Verlag},
   address = {New York},
   series = {Applied mathematical sciences (Springer-Verlag New York Inc.) ; v. 27.},
   keywords = {Spline theory.},
   year = {1978}
}

@article{Ramsay1988,
   author = {Ramsay, J. O.},
   title = {Monotone Regression Splines in Action},
   journal = {Statistical Science},
   volume = {3},
   number = {4},
   pages = {425-441},
   doi = {10.1214/ss/1177012761}, 
   year = {1988}
}

@book{Sigrist1994,
   author = {Sigrist, Markus W.},
   title = {Air Monitoring by Spectroscopic Techniques},
   publisher = {Wiley},
   address = {New York},
   series = {Chemical analysis},
   year = {1994}
}

@article{Dempster1977,
   author = {Dempster, A. P. and Laird, N. M. and Rubin, D. B.},
   title = {Maximum likelihood from incomplete data via the EM algorithm},
   journal = {Journal of the Royal Statistical Society. Series B (Methodological)},
   volume = {39},
   number = {1},
   pages = {1-38},
   year = {1977}
}

@book{McLachlan1997,
   author = {McLachlan, Geoffrey J. and Krishnan, Thriyambakam},
   title = {The EM Algorithm and Extensions},
   publisher = {Wiley},
   address = {New York},

   isbn = {9780470191613},

   doi= {10.1002/9780470191613},
   year = {2007}
}

@Manual{R,
    title = {R: A Language and Environment for Statistical Computing},
    author = {{R Core Team}},
    organization = {R Foundation for Statistical Computing},
    address = {Vienna, Austria},
    year = {2013},
    url = {http://www.R-project.org/},
  }

@Manual{Wand2014,
    title = {SemiPar: Semiparametic regression},
    author = {Matt Wand},
    year = {2014},
    note = {R package version 1.0-4.1},
    url = {http://CRAN.R-project.org/package=SemiPar},
  }

 @Manual{Robledo2017,
    title = {VarReg: Semi-parametric variance regression},
    author = {Kristy Robledo},
    year = {2017},
    note = {R package version 1.0},
    url = {https://CRAN.R-project.org/package=VarReg},
  }

@Book{Venables2002,
    title = {Modern Applied Statistics with S},
    author = {W. N. Venables and B. D. Ripley},
    publisher = {Springer},
    edition = {Fourth edition},
    address = {New York},
    year = {2002},
    url = {http://www.stats.ox.ac.uk/pub/MASS4},
  }

@article{Akaike1974,
   author = {Akaike, H.},
   title = {A new look at the statistical model identification},
   journal = {IEEE Transactions on Automatic Control},
   volume = {19},
   number = {6},
   pages = {716-723},
   doi = {10.1109/TAC.1974.1100705}, 
   year = {1974}
}

@article{Sugiura1978,
   author = {Sugiura, Nariaki},
   title = {Further analysis of the data by Akaike's information criterion and the finite corrections},
   journal = {Communications in Statistics - Theory and Methods},
   volume = {7},
   number = {1},
   pages = {13-26},
   doi = {10.1080/03610927808827599}, 
   year = {1978}
}

@article{Schwarz1978, 
   author = {Schwarz, Gideon},
   title = {Estimating the dimension of a model},
   journal = {Annals of Statistics},
   volume = {6},
   number = {2},
   pages = {461-464},
   doi = {10.1214/aos/1176344136}, 
   year = {1978}
}

@article{Hannan1979,
   author = {Hannan, E. J. and Quinn, B. G.},
   title = {The determination of the order of an autoregression},
   journal = {Journal of the Royal Statistical Society. Series B (Methodological)},
   volume = {41},
   number = {2},
   pages = {190-195},
   year = {1979}
}

@article{Menictas2015,
   author = {Menictas, Marianne and Wand, Matt P.},
   title = {Variational inference for heteroscedastic semiparametric regression},
   journal = {Australian and New Zealand Journal of Statistics},
   volume = {57},
   number = {1},
   pages = {119-138},
   doi = {10.1111/anzs.12105}, 
   year = {2015}
}

@article{Lumley2006,
   author = {Lumley, Thomas and Kronmal, Richard and Ma, Shuangge},
   title = {Relative risk regression in medical research: models, contrasts, estimators, and algorithms},
   journal = {University of Washington Biostatistics Working Paper Series. Working Paper 293.},
   url = {http://biostats.bepress.com/uwbiostat/paper293/},
   year = {2006}
}

@article{White2014,
   author = {White, Harvey D. and Tonkin, Andrew and Simes, John and Stewart, Ralph and Mann, Kristy and Thompson, Peter and Colquhoun, David and West, Malcolm and Nestel, Paul and Sullivan, David and Keech, Anthony C. and Hunt, David and Blankenberg, Stefan},
   title = {Association of contemporary sensitive troponin I levels at baseline and change at 1 year with long-term coronary events following myocardial infarction or unstable angina. Results from the LIPID study (Long-Term Intervention With Pravastatin in Ischaemic Disease)},
   journal = {Journal of the American College of Cardiology},
   volume = {63},
   number = {4},
   pages = {345-354},
   doi= {10.1016/j.jacc.2013.08.1643},
   year = {2014}
}

@article{Biomarker2001,
   author = {{Biomarkers Definitions Working Group}},
   title = {Biomarkers and surrogate endpoints: preferred definitions and conceptual framework},
   journal = {Clinical Pharmacology and Therapeutics},
   volume = {69},
   number = {3},
   pages = {89-95},
   doi={10.1067/mcp.2001.113989},
   year = {2001}
}

@article{Aitkin1964,
   author = {Aitkin, M. A.},
   title = {Correlation in a singly truncated bivariate normal distribution},
   journal = {Psychometrika},
   volume = {29},
   number = {3},
   pages = {263-270},
   doi={10.1007/BF02289723},
   year = {1964}
}

@article{Mills1926,
   author = {Mills, John P.},
   title = {Table of the ratio: area to bounding ordinate, for any portion of normal curve},
   journal = {Biometrika},
   volume = {18},
   number = {3/4},
   pages = {395-400},
   doi={10.2307/2331957},
   year = {1926}
}
@article{Alvarez2013,
   author = {\'{A}lvarez Est\'{e}vez, Marta and Chueca Porcuna, Natalia and Guillot Suay, Vicente and Pe\~{n}a Monge, Alejandro and Garc\'{i}a Garc\'{i}a, Fernando and Mu\~{n}oz Medina, Leopoldo and Vinuesa Garc\'{i}a, David and Parra Ruiz, Jorge and Hern\'{a}ndez-Quero, Jose and Garc\'{i}a Garc\'{i}a, Federico},
   title = {Quantification of viral loads lower than 50 copies per milliliter by use of the Cobas AmpliPrep/Cobas TaqMan HIV-1 test, version 2.0, can predict the likelihood of subsequent virological rebound to $>$50 copies per milliliter},
   journal = {Journal of Clinical Microbiology},
   volume = {51},
   number = {5},
   pages = {1555-1557},
   doi={10.1128/JCM.00100-13},
   year = {2013}
}

@book{Azzalini2013,
   author = {Azzalini, Adelchi.},
   title = {The skew-normal and related families},
   publisher = {Cambridge University Press},
   year = {2013}
}

@Manual{Azzpackage,
    title = {The {R} package \texttt{sn}: The skew-normal and skew-$t$ distributions (version 1.4-0)},
    author = {A. Azzalini},
    address = {Universit\`a di Padova, Italia},
    year = {2016},
    url = {http://azzalini.stat.unipd.it/SN},
  }

@article{Lipid,
   author = {{The Long-Term Intervention with Pravastatin in Ischaemic Disease Study Group}},
   title = {Prevention of cardiovascular events and death with pravastatin in patients with coronary heart disease and a broad range of initial cholesterol levels},
   journal = {New England Journal of Medicine},
   volume = {339},
   number = {19},
   pages = {1349-1357},
   doi= {10.1056/NEJM199811053391902},
   year = {1998}
}

@article{Liu1994,
   author = {Liu, Chuanhai and Rubin, Donald B.},
   title = {The ECME algorithm: a simple extension of EM and ECM with faster monotone convergence},
   journal = {Biometrika},
   volume = {81},
   number = {4},
   pages = {633-648},
   doi= {10.2307/2337067},
   year = {1994}
}

@InProceedings{Donoghoe2016,
  Title                    = {Fast stable relative risk regression using an overparameterised EM algorithm},
  Author                   = {Donoghoe, Mark W. and Marschner, Ian C.},
  Booktitle                = {Proceedings of the 31st International Workshop on Statistical Modelling},
  Year                     = {2016},
  Pages                    = {93-98},
  Volume                   = {1}
}

@article{Varadhan2008,
   author = {Varadhan, Ravi and Roland, Christophe},
   title = {Simple and globally convergent methods for accelerating the convergence of any EM algorithm},
   journal = {Scandinavian Journal of Statistics},
   volume = {35},
   number = {2},
   pages = {335-353},
   doi={10.1111/j.1467-9469.2007.00585.X},
   year = {2008}
}

@article{Zhou2011,
   author = {Zhou, Hua and Alexander, David and Lange, Kenneth},
   title = {A quasi-Newton acceleration for high-dimensional optimization algorithms},
   journal = {Statistics and Computing},
   volume = {21},
   number = {2},
   pages = {261-273},
   doi={10.1007/s11222-009-9166-3},
   year = {2011}
}

@article{Klein2015,
  	author = {Klein, Nadja and Kneib, Thomas and Lang, Stefan and Sohn, Alexander},
   	title = {Bayesian structured additive distributional regression with an application to regional income inequality in Germany},
      	number = {2},
   	volume = {9},
	pages = {1024-1052},
	doi = {10.1214/15-AOAS823},
	journal = {The Annals of Applied Statistics},
   year = {2015}
}

@article{Ormerod2010,
   author = {Ormerod, J. T. and Wand, M. P.},
   title = {Explaining variational approximations},
   journal = {The American Statistician},
   volume = {64},
   number = {2},
   pages = {140-153},
   doi = {10.1198/tast.2010.09058
},
   year = {2010}
}

@article{Klein2015b,
   author = {Klein, Nadja and Kneib, Thomas and Klasen, Stephan and Lang, Stefan},
   title = {Bayesian structured additive distributional regression for multivariate responses},
   journal = {Journal of the Royal Statistical Society: Series C (Applied Statistics)},
   volume = {64},
   number = {4},
   pages = {569-591},
   doi={10.1111/rssc.12090},
   year = {2015}
}
@article{Kneib2016,
   author = {Kneib, Thomas},
   title = {Comment},
   journal = {Journal of the American Statistical Association},
   volume = {111},
   number = {516},
   pages = {1563-1565},
doi={10.1080/01621459.2016.1250576},
   year = {2016}
}

@article{Wand2011,
   author = {Wand, Matthew P. and Ormerod, John T. and Padoan, Simone A. and Fuhrwirth, Rudolf},
   title = {Mean field variational bayes for elaborate distributions},
   pages = {847-900},
journal = {Bayesian Analysis},
   volume = {6},
   number = {4},
   doi={10.1214/11-BA631},
   year = {2011}
}
